@inproceedings{DBLP:conf/cav/Cook18,
  author    = {Byron Cook},
  title     = {Formal Reasoning About the Security of {A}mazon {W}eb {S}ervices},
  booktitle = {{CAV} {(1)}},
  series    = {LNCS},
  volume    = {10981},
  pages     = {38--47},
  publisher = {Springer},
  year      = {2018}
}

@article{DBLP:journals/ife/Henzinger13,
  author    = {Thomas A. Henzinger},
  title     = {Quantitative reactive modeling and verification},
  journal   = {Computer Science - R{\&}D},
  volume    = {28},
  number    = {4},
  pages     = {331--344},
  year      = {2013}
}

@article{DBLP:journals/dagstuhl-reports/JansenKKK18,
  author    = {Nils Jansen and
               Joost{-}Pieter Katoen and
               Pushmeet Kohli and
               Jan Kretinsky},
  title     = {Machine Learning and Model Checking Join Forces (Dagstuhl Seminar
               18121)},
  journal   = {Dagstuhl Reports},
  volume    = {8},
  number    = {3},
  pages     = {74--93},
  year      = {2018}
}

@inproceedings{DBLP:conf/lics/OHearn18,
  author    = {Peter W. O'Hearn},
  title     = {Continuous Reasoning: Scaling the impact of formal methods},
  booktitle = {{LICS}},
  pages     = {13--25},
  publisher = {{ACM}},
  year      = {2018}
}

@inproceedings{DBLP:conf/fm/BergerKAWR18,
  author    = {Philipp Berger and
               Joost{-}Pieter Katoen and
               Erika {\'{A}}brah{\'{a}}m and
               Md Tawhid Bin Waez and
               Thomas Rambow},
  title     = {Verifying Auto-generated {C} Code from {S}imulink - An Experience Report
               in the Automotive Domain},
  booktitle = {{FM}},
  series    = {LNCS},
  volume    = {10951},
  pages     = {312--328},
  publisher = {Springer},
  year      = {2018}
}

@inproceedings{DBLP:conf/spin/0001PNNK18,
  author    = {Tim Lange and
               Frederick Prinz and
               Martin R. Neuh{\"{a}}u{\ss}er and
               Thomas Noll and
               Joost{-}Pieter Katoen},
  title     = {Improving Generalization in Software {IC3}},
  booktitle = {{SPIN}},
  series    = {LNCS},
  volume    = {10869},
  pages     = {85--102},
  publisher = {Springer},
  year      = {2018}
}


 @article{gretz,
  author    = {Friedrich Gretz and
               \Katoen and
               Annabelle McIver},
  title     = {{O}perational versus weakest pre--expectation semantics for the probabilistic guarded command language},
  journal   = {Perform. Eval.},
  volume    = {73},
  year      = {2014},
  pages     = {110-132},
  bibsource = {DBLP, http://dblp.uni-trier.de}
}

@article{DBLP:journals/tcs/BaierHKH05,
  author    = {Christel Baier and
               Holger Hermanns and
               \Katoen and
               Boudewijn R. Haverkort},
  title     = {Efficient computation of time-bounded reachability probabilities in
               uniform continuous-time Markov decision processes},
  journal   = {Theor. Comput. Sci.},
  volume    = {345},
  number    = {1},
  pages     = {2--26},
  year      = {2005}
}

@article{DBLP:journals/tse/BaierHHK03,
  author    = {Christel Baier and
               Boudewijn R. Haverkort and
               Holger Hermanns and
               \Katoen},
  title     = {Model-Checking Algorithms for Continuous-Time Markov Chains},
  journal   = {{IEEE} Trans. Software Eng.},
  volume    = {29},
  number    = {6},
  pages     = {524--541},
  year      = {2003}
}

@article{DBLP:journals/cacm/BaierHHK10,
  author    = {Christel Baier and
               Boudewijn R. Haverkort and
               Holger Hermanns and
               \Katoen},
  title     = {Performance evaluation and model checking join forces},
  journal   = {Commun. {ACM}},
  volume    = {53},
  number    = {9},
  pages     = {76--85},
  year      = {2010}
}

@article{DBLP:journals/fmsd/HahnHHK13,
  author    = {Ernst Moritz Hahn and
               Arnd Hartmanns and
               Holger Hermanns and
               \Katoen},
  title     = {A compositional modelling and analysis framework for stochastic hybrid
               systems},
  journal   = {Formal Methods in System Design},
  volume    = {43},
  number    = {2},
  pages     = {191--232},
  year      = {2013}
}

@inproceedings{DBLP:conf/lics/BrazdilFKK08,
  author    = {Tom{\'{a}}s Br{\'{a}}zdil and
               Vojtech Forejt and
               Jan Kret{\'{\i}}nsk{\'{y}} and
               Anton{\'{\i}}n Kucera},
  title     = {The Satisfiability Problem for Probabilistic {CTL}},
  booktitle = {{LICS}},
  pages     = {391--402},
  publisher = {{IEEE} Computer Society},
  year      = {2008}
}

@inproceedings{DBLP:Turing49,
  author    = {Alan M. Turing},
  title     = {Checking a large routine},
  booktitle = {Report of a Conference on High Speed Automatic Calculating Machines},
  pages     = {67--69},
  publisher = {University Mathematical Laboratory, Cambridge},
  year      = {1949}
}

@inproceedings{DBLP:conf/cav/BolligKKLNP10,
  author    = {Benedikt Bollig and
               \Katoen and
               Carsten Kern and
               Martin Leucker and
               Daniel Neider and
               David R. Piegdon},
  title     = {libalf: The Automata Learning Framework},
  booktitle = {{CAV}},
  series    = {LNCS},
  volume    = {6174},
  pages     = {360--364},
  publisher = {Springer},
  year      = {2010}
}

@article{DBLP:journals/dagstuhl-reports/BartheGKM15,
  author    = {Gilles Barthe and
               Andrew D. Gordon and
               \Katoen and
               Annabelle McIver},
  title     = {Challenges and Trends in Probabilistic Programming ({D}agstuhl Seminar
               15181)},
  journal   = {Dagstuhl Reports},
  volume    = {5},
  number    = {4},
  pages     = {123--141},
  year      = {2015}
}

@article{DBLP:journals/MoJo84,
  author    = {F.L. Morris and Cliff B. Jones},
  title     = {An Early Program Proof by {A}lan {T}uring},
  journal   = {Annals of the History of Computing},
  volume    = {6},
  number    = {2},
  pages     = {139--143},
  year      = {1984}
}

@inproceedings{DBLP:conf/birthday/KatoenGJKO15,
  author    = {\Katoen and
               Friedrich Gretz and
               Nils Jansen and
               Benjamin Lucien Kaminski and
               Federico Olmedo},
  title     = {Understanding Probabilistic Programs},
  booktitle = {Correct System Design},
  series    = {LNCS},
  volume    = {9360},
  pages     = {15--32},
  publisher = {Springer},
  year      = {2015}
}

@article{DBLP:journals/sttt/HermannsKMS03,
  author    = {Holger Hermanns and
               \Katoen and
               Joachim Meyer{-}Kayser and
               Markus Siegle},
  title     = {A tool for model-checking Markov chains},
  journal   = {{STTT}},
  volume    = {4},
  number    = {2},
  pages     = {153--172},
  year      = {2003}
}

@article{DBLP:journals/pe/KatoenZHHJ11,
  author    = {\Katoen and
               Ivan S. Zapreev and
               Ernst Moritz Hahn and
               Holger Hermanns and
               David N. Jansen},
  title     = {The ins and outs of the probabilistic model checker {MRMC}},
  journal   = {Perform. Eval.},
  volume    = {68},
  number    = {2},
  pages     = {90--104},
  year      = {2011}
}

@inproceedings{DBLP:conf/lics/Reynolds02,
  author    = {John C. Reynolds},
  title     = {Separation Logic: {A} Logic for Shared Mutable Data Structures},
  booktitle = {{LICS}},
  pages     = {55--74},
  publisher = {{IEEE} Computer Society},
  year      = {2002}
}

@article{DBLP:journals/amai/Jaeger01,
  author    = {Manfred Jaeger},
  title     = {Complex Probabilistic Modeling with Recursive Relational {B}ayesian
               Networks},
  journal   = {Ann. Math. Artif. Intell.},
  volume    = {32},
  number    = {1-4},
  pages     = {179--220},
  year      = {2001}
}

@article{DBLP:journals/csur/JhalaM09,
  author    = {Ranjit Jhala and
               Rupak Majumdar},
  title     = {Software model checking},
  journal   = {{ACM} Comput. Surv.},
  volume    = {41},
  number    = {4},
  pages     = {21:1--21:54},
  year      = {2009}
}

@inproceedings{DBLP:conf/csl/KatoenSZ14,
  author    = {\Katoen and
               Lei Song and
               Lijun Zhang},
  title     = {Probably safe or live},
  booktitle = {{CSL-LICS}},
  pages     = {55:1--55:10},
  publisher = {{ACM}},
  year      = {2014}
}

@article{DBLP:journals/tplp/KimmigDRCR11,
  author    = {Angelika Kimmig and
               Bart Demoen and
               Luc De Raedt and
               V{\'{\i}}tor Santos Costa and
               Ricardo Rocha},
  title     = {On the implementation of the probabilistic logic programming language
               {ProbLog}},
  journal   = {{TPLP}},
  volume    = {11},
  number    = {2-3},
  pages     = {235--262},
  year      = {2011}
}

@misc{agentmodels,
  title = {{Modeling Agents with Probabilistic Programs}},
  author = {Evans, Owain and Stuhlm\"{u}ller, Andreas and Salvatier, John and Filan, Daniel},
  year = {2017},
  howpublished = {\url{http://agentmodels.org}}
}

@article{DBLP:journals/peerjpre/SalvatierWF16,
  author    = {John Salvatier and
               Thomas V. Wiecki and
               Christopher Fonnesbeck},
  title     = {Probabilistic programming in {P}ython using {PyMC3}},
  journal   = {PeerJ PrePrints},
  volume    = {4},
  pages     = {e1686},
  year      = {2016}
}

@inproceedings{DBLP:conf/pkdd/DriesKMRBVR15,
  author    = {Anton Dries and
               Angelika Kimmig and
               Wannes Meert and
               Joris Renkens and
               Guy Van den Broeck and
               Jonas Vlasselaer and
               Luc De Raedt},
  title     = {{ProbLog2}: Probabilistic Logic Programming},
  booktitle = {{ECML/PKDD} {(3)}},
  series    = {LNCS},
  volume    = {9286},
  pages     = {312--315},
  publisher = {Springer},
  year      = {2015}
}

@incollection{DBLP:series/natosec/AlurBDF0JKMMRSSSSTU15,
  author    = {Rajeev Alur and
               Rastislav Bod{\'{\i}}k and
               Eric Dallal and
               Dana Fisman and
               Pranav Garg and
               Garvit Juniwal and
               Hadas Kress{-}Gazit and
               P. Madhusudan and
               Milo M. K. Martin and
               Mukund Raghothaman and
               Shambwaditya Saha and
               Sanjit A. Seshia and
               Rishabh Singh and
               Armando Solar{-}Lezama and
               Emina Torlak and
               Abhishek Udupa},
  title     = {Syntax-Guided Synthesis},
  booktitle = {Dependable Software Systems Engineering},
  series    = {{NATO} Science for Peace and Security Series, {D:} Information and
               Communication Security},
  volume    = {40},
  pages     = {1--25},
  publisher = {{IOS} Press},
  year      = {2015}
}

@book{DBLP:books/sp/Draheim17,
  author    = {Dirk Draheim},
  title     = {Semantics of the Probabilistic Typed Lambda Calculus - Markov Chain
               Semantics, Termination Behavior, and Denotational Semantics},
  publisher = {Springer},
  year      = {2017}
}

@article{DBLP:journals/bit/Flajolet85,
  author    = {Philippe Flajolet},
  title     = {Approximate Counting: {A} Detailed Analysis},
  journal   = {{BIT}},
  volume    = {25},
  number    = {1},
  pages     = {113--134},
  year      = {1985}
}

 @article{morris78,
  author    = {Robert Morris},
  title     = {Counting large number of events in small registers},
  journal   = {Comm. ACM},
  volume    = {21},
  number = {10},
  year      = {1978},
  pages     = {840--842}
}

@inproceedings{DBLP:conf/stoc/AlonMS96,
  author    = {Noga Alon and
               Yossi Matias and
               Mario Szegedy},
  title     = {The Space Complexity of Approximating the Frequency Moments},
  booktitle = {STOC},
  pages     = {20--29},
  year      = {1996},
  publisher = {{ACM}}
}

@inproceedings{DBLP:conf/itp/Holzl16,
  author    = {Johannes H{\"{o}}lzl},
  title     = {Formalising Semantics for Expected Running Time of Probabilistic Programs},
  booktitle = {{ITP}},
  series    = {LNCS},
  volume    = {9807},
  pages     = {475--482},
  publisher = {Springer},
  year      = {2016}
}

@inproceedings{DBLP:conf/tacas/BartocciGKRS11,
  author    = {Ezio Bartocci and
               Radu Grosu and
               Panagiotis Katsaros and
               C. R. Ramakrishnan and
               Scott A. Smolka},
  title     = {Model Repair for Probabilistic Systems},
  booktitle = {{TACAS}},
  series    = {LNCS},
  volume    = {6605},
  pages     = {326--340},
  publisher = {Springer},
  year      = {2011}
}

@article{DBLP:journals/tcs/HermannsHK02,
  author    = {Holger Hermanns and
               Ulrich Herzog and
               \Katoen},
  title     = {Process algebra for performance evaluation},
  journal   = {Theor. Comput. Sci.},
  volume    = {274},
  number    = {1-2},
  pages     = {43--87},
  year      = {2002}
}

@article{DBLP:journals/tse/BohnenkampDHK06,
  author    = {Henrik C. Bohnenkamp and
               Pedro R. D'Argenio and
               Holger Hermanns and
               \Katoen},
  title     = {{MODEST:} {A} Compositional Modeling Formalism for Hard and Softly
               Timed Systems},
  journal   = {{IEEE} Trans. Software Eng.},
  volume    = {32},
  number    = {10},
  pages     = {812--830},
  year      = {2006}
}

@article{DBLP:journals/tcs/KatoenPST12,
  author    = {\Katoen and
               Jaco van de Pol and
               Mari{\"{e}}lle Stoelinga and
               Mark Timmer},
  title     = {A linear process-algebraic format with data for probabilistic automata},
  journal   = {Theor. Comput. Sci.},
  volume    = {413},
  number    = {1},
  pages     = {36--57},
  year      = {2012}
}

@inproceedings{DBLP:conf/atva/DehnertJWAK14,
  author    = {Christian Dehnert and
               Nils Jansen and
               Ralf Wimmer and
               Erika {\'{A}}brah{\'{a}}m and
               \Katoen},
  title     = {Fast Debugging of {PRISM} Models},
  booktitle = {{ATVA}},
  series    = {LNCS},
  volume    = {8837},
  pages     = {146--162},
  publisher = {Springer},
  year      = {2014}
}

@article{VJK17,
author = {Matthias Volk and Sebastian Junges and \Katoen},
title={Fast Dynamic Fault Tree Analysis by Model Checking Techniques},
journal={IEEE Trans on Industrial informatics},
volume = {99},
number = {},
year = 2017
}

@inproceedings{DBLP:conf/concur/GuptaJS97,
  author    = {Vineet Gupta and
               Radha Jagadeesan and
               Vijay A. Saraswat},
  title     = {Probabilistic Concurrent Constraint Programming},
  booktitle = {{CONCUR}},
  series    = {LNCS},
  volume    = {1243},
  pages     = {243--257},
  publisher = {Springer},
  year      = {1997}
}

@inproceedings{DBLP:conf/lics/MardarePP16,
  author    = {Radu Mardare and
               Prakash Panangaden and
               Gordon D. Plotkin},
  title     = {Quantitative Algebraic Reasoning},
  booktitle = {{LICS}},
  pages     = {700--709},
  publisher = {{ACM}},
  year      = {2016}
}

@inproceedings{DBLP:conf/esop/FosterKMR016,
  author    = {Nate Foster and
               Dexter Kozen and
               Konstantinos Mamouras and
               Mark Reitblatt and
               Alexandra Silva},
  title     = {Probabilistic {NetKAT}},
  booktitle = {{ESOP}},
  series    = {LNCS},
  volume    = {9632},
  pages     = {282--309},
  publisher = {Springer},
  year      = {2016}
}

@inproceedings{DBLP:conf/icalp/Boreale15,
  author    = {Michele Boreale},
  title     = {Analysis of Probabilistic Systems via Generating Functions and {P}ad{\'{e}}
               Approximation},
  booktitle = {{ICALP} {(2)}},
  series    = {LNCS},
  volume    = {9135},
  pages     = {82--94},
  publisher = {Springer},
  year      = {2015}
}

@inproceedings{DBLP:conf/cav/ChakarovS13,
  author    = {Aleksandar Chakarov and
               Sriram Sankaranarayanan},
  title     = {Probabilistic Program Analysis with Martingales},
  booktitle = {{CAV}},
  series    = {Lecture Notes in Computer Science},
  volume    = {8044},
  pages     = {511--526},
  publisher = {Springer},
  year      = {2013}
}

@inproceedings{DBLP:conf/popl/ChatterjeeFNH16,
  author    = {Krishnendu Chatterjee and
               Hongfei Fu and
               Petr Novotn{\'{y}} and
               Rouzbeh Hasheminezhad},
  title     = {Algorithmic analysis of qualitative and quantitative termination problems
               for affine probabilistic programs},
  booktitle = {{POPL}},
  pages     = {327--342},
  publisher = {{ACM}},
  year      = {2016}
}

@inproceedings{DBLP:conf/fossacs/KieferMOWW12,
  author    = {Stefan Kiefer and
               Andrzej S. Murawski and
               Jo{\"{e}}l Ouaknine and
               Bj{\"{o}}rn Wachter and
               James Worrell},
  title     = {On the Complexity of the Equivalence Problem for Probabilistic Automata},
  booktitle = {FoSSaCS},
  series    = {LNCS},
  volume    = {7213},
  pages     = {467--481},
  publisher = {Springer},
  year      = {2012}
}

@inproceedings{DBLP:conf/lics/ChakrabortyK16,
  author    = {Souymodip Chakraborty and
               \Katoen},
  title     = {On the Satisfiability of Some Simple Probabilistic Logics},
  booktitle = {{LICS}},
  pages     = {56--65},
  publisher = {{ACM}},
  year      = {2016}
}

@article{DBLP:journals/corr/abs-1305-5055,
  author    = {Ralf Wimmer and
               Nils Jansen and
               Andreas Vorpahl and
               Erika {\'{A}}brah{\'{a}}m and
               \Katoen and
               Bernd Becker},
  title     = {High-level Counterexamples for Probabilistic Automata},
  journal   = {Logical Methods in Computer Science},
  volume    = {11},
  number    = {1},
  year      = {2015}
}

@article{DBLP:journals/fac/SwaminathanKO12,
  author    = {Mani Swaminathan and
               \Katoen and
               Ernst-R{\"{u}}diger Olderog},
  title     = {Layered reasoning for randomized distributed algorithms},
  journal   = {Formal Asp. Comput.},
  volume    = {24},
  number    = {4-6},
  pages     = {477--496},
  year      = {2012}
}

@inproceedings{DBLP:conf/biostec/CasiniIRW10,
  author    = {Lorenzo Casini and
               Phyllis McKay Illari and
               Federica Russo and
               Jon Williamson},
  title     = {Recursive {B}ayesian Nets for Prediction, Explanation and Control in
               Cancer Science - {A} Position Paper},
  booktitle = {{BIOINFORMATICS}},
  pages     = {233--238},
  publisher = {{INSTICC} Press},
  year      = {2010}
}

@inproceedings{DBLP:conf/cav/KieferMOWW12,
  author    = {Stefan Kiefer and
               Andrzej S. Murawski and
               Jo{\"{e}}l Ouaknine and
               Bj{\"{o}}rn Wachter and
               James Worrell},
  title     = {{APEX:} An Analyzer for Open Probabilistic Programs},
  booktitle = {{CAV}},
  series    = {Lecture Notes in Computer Science},
  volume    = {7358},
  pages     = {693--698},
  publisher = {Springer},
  year      = {2012}
}

@inproceedings{DBLP:conf/icalp/Goubault-Larrecq07,
  author    = {Jean Goubault{-}Larrecq},
  title     = {Continuous Capacities on Continuous State Spaces},
  booktitle = {{ICALP}},
  series    = {LNCS},
  volume    = {4596},
  pages     = {764--776},
  publisher = {Springer},
  year      = {2007}
}

@article{DBLP:journals/cogsr/StuhlmullerG14,
  author    = {Andreas Stuhlm{\"{u}}ller and
               Noah D. Goodman},
  title     = {Reasoning about reasoning by nested conditioning: Modeling theory
               of mind with probabilistic programs},
  journal   = {Cognitive Systems Research},
  volume    = {28},
  pages     = {80--99},
  year      = {2014}
}

@inproceedings{DBLP:conf/tacas/BaierKKM14,
  author    = {Christel Baier and
               Joachim Klein and
               Sascha Kl{\"{u}}ppelholz and
               Steffen M{\"{a}}rcker},
  title     = {Computing Conditional Probabilities in {M}arkovian Models Efficiently},
  booktitle = {{TACAS}},
  series    = {LNCS},
  volume    = {8413},
  pages     = {515--530},
  publisher = {Springer},
  year      = {2014}
}

@inproceedings{DBLP:conf/cav/ChenHWZ15,
  author    = {Yu{-}Fang Chen and
               Chih{-}Duo Hong and
               Bow{-}Yaw Wang and
               Lijun Zhang},
  title     = {Counterexample-Guided Polynomial Loop Invariant Generation by {L}agrange
               Interpolation},
  booktitle = {CAV},
  pages     = {658--674},
  year      = {2015},
  series    = {LNCS},
  volume    = {9206},
  publisher = {Springer}
}

@phdthesis{DBLP:phd/de/Wachter2011,
  author    = {Bj{\"{o}}rn Wachter},
  title     = {Refined Probabilistic Abstraction},
  school    = {Saarland University},
  year      = {2011}
}

@inproceedings{DBLP:conf/tacas/HahnHWZ10,
  author    = {Ernst Moritz Hahn and
               Holger Hermanns and
               Bj{\"{o}}rn Wachter and
               Lijun Zhang},
  title     = {{PASS:} Abstraction Refinement for Infinite Probabilistic Models},
  booktitle = {{TACAS}},
  series    = {LNCS},
  volume    = {6015},
  pages     = {353--357},
  publisher = {Springer},
  year      = {2010}
}

@article{DBLP:journals/fmsd/KattenbeltKNP10,
  author    = {Mark Kattenbelt and
               Marta Z. Kwiatkowska and
               Gethin Norman and
               David Parker},
  title     = {A game-based abstraction-refinement framework for {M}arkov decision
               processes},
  journal   = {Formal Methods in System Design},
  volume    = {36},
  number    = {3},
  pages     = {246--280},
  year      = {2010}
}

@inproceedings{DBLP:conf/nfm/PathakAJTK15,
  author    = {Shashank Pathak and
               Erika {\'{A}}brah{\'{a}}m and
               Nils Jansen and
               Armando Tacchella and
               \Katoen},
  title     = {A Greedy Approach for the Efficient Repair of Stochastic Models},
  booktitle = {{NFM}},
  series    = {LNCS},
  volume    = {9058},
  pages     = {295--309},
  publisher = {Springer},
  year      = {2015}
}

@inproceedings{DBLP:conf/esop/CousotM12,
  author    = {Patrick Cousot and
               Michael Monerau},
  title     = {Probabilistic Abstract Interpretation},
  booktitle = {{ESOP}},
  series    = {LNCS},
  volume    = {7211},
  pages     = {169--193},
  publisher = {Springer},
  year      = {2012}
}

@inproceedings{DBLP:conf/calco/ChoJ17,
  author    = {Kenta Cho and Bart Jacobs},
  title     = {The {EfProb} Library for Probabilistic Calculations},
  booktitle = {{CALCO}},
  series    = {LIPIcs},
  volume    = {72},
  pages     = {1--7},
  publisher = {Schloss Dagstuhl - Leibniz-Zentrum fuer Informatik},
  year      = {2017}
}

@phdthesis{DBLP:phd/mit/Roy2011,
  author    = {Daniel M. Roy},
  title     = {Computability, Inference and Modeling in Probabilistic Programming},
  school    = {MIT},
  year      = {2011}
}

@inproceedings{DBLP:conf/fsttcs/FuK11,
  author    = {Hongfei Fu and
               \Katoen},
  title     = {Deciding Probabilistic Simulation between Probabilistic Pushdown Automata
               and Finite-State Systems},
  booktitle = {{FSTTCS}},
  series    = {LIPIcs},
  volume    = {13},
  pages     = {445--456},
  publisher = {Schloss Dagstuhl - Leibniz-Zentrum fuer Informatik},
  year      = {2011}
}

@book{DBLP:books/daglib/0007403,
  author    = {Edmund M. Clarke and
               Orna Grumberg and
               Doron A. Peled},
  title     = {Model Checking},
  publisher = {{MIT} Press},
  year      = {2001}
}

@article{DBLP:journals/trob/GradyMK15,
  author    = {Devin K. Grady and
               Mark Moll and
               Lydia E. Kavraki},
  title     = {Extending the Applicability of {POMDP} Solutions to Robotic Tasks},
  journal   = {{IEEE} Trans. Robotics},
  volume    = {31},
  number    = {4},
  pages     = {948--961},
  year      = {2015}
}

@article{DBLP:journals/jcss/ChatterjeeCT16,
  author    = {Krishnendu Chatterjee and
               Martin Chmelik and
               Mathieu Tracol},
  title     = {What is decidable about partially observable {M}arkov decision processes
               with {\(\omega\)}-regular objectives},
  journal   = {J. Comput. Syst. Sci.},
  volume    = {82},
  number    = {5},
  pages     = {878--911},
  year      = {2016}
}

@book{DBLP:probrobots,
  author    = {S. Thrun and W. Burgard and D. Fox},
  title     = {Probabilistic Robotics},
  publisher = {{MIT} Press},
  year      = {2005}
}

@article{DBLP:journals/jar/LittmanMP01,
  author    = {Michael L. Littman and
               Stephen M. Majercik and
               Toniann Pitassi},
  title     = {Stochastic Boolean Satisfiability},
  journal   = {J. Autom. Reasoning},
  volume    = {27},
  number    = {3},
  pages     = {251--296},
  year      = {2001}
}

@inproceedings{DBLP:conf/fm/RothenbergG16,
  author    = {Bat{-}Chen Rothenberg and
               Orna Grumberg},
  title     = {Sound and Complete Mutation-Based Program Repair},
  booktitle = {{FM}},
  series    = {LNCS},
  volume    = {9995},
  pages     = {593--611},
  year      = {2016}
}

@inproceedings{DBLP:conf/fmcad/SamantaDE08,
  author    = {Roopsha Samanta and
               Jyotirmoy V. Deshmukh and
               E. Allen Emerson},
  title     = {Automatic Generation of Local Repairs for Boolean Programs},
  booktitle = {{FMCAD}},
  pages     = {1--10},
  publisher = {{IEEE}},
  year      = {2008}
}

@misc{probmods2,
  title = {{Probabilistic Models of Cognition}},
  edition = {Second},
  author = {Goodman, Noah D and Joshua B. Tenenbaum},
  year = {2016},
  howpublished = {\url{http://probmods.org/v2}}
}

@inproceedings{DBLP:conf/cav/GehrMV16,
  author    = {Timon Gehr and
               Sasa Misailovic and
               Martin T. Vechev},
  title     = {{PSI:} Exact Symbolic Inference for Probabilistic Programs},
  booktitle = {{CAV} {(1)}},
  series    = {LNCS},
  volume    = {9779},
  pages     = {62--83},
  publisher = {Springer},
  year      = {2016}
}
  
@inproceedings{DBLP:conf/tacas/Cubuktepe0JKPPT17,
  author    = {Murat Cubuktepe and
               Nils Jansen and
               Sebastian Junges and
               \Katoen and
               Ivan Papusha and
               Hasan A. Poonawala and
               Ufuk Topcu},
  title     = {Sequential Convex Programming for the Efficient Verification of Parametric
               {MDP}s},
  booktitle = {{TACAS} {(2)}},
  series    = {LNCS},
  volume    = {10206},
  pages     = {133--150},
  year      = {2017}
}

@inproceedings{DBLP:conf/atva/QuatmannD0JK16,
  author    = {Tim Quatmann and
               Christian Dehnert and
               Nils Jansen and
               Sebastian Junges and
               \Katoen},
  title     = {Parameter Synthesis for {M}arkov Models: Faster Than Ever},
  booktitle = {{ATVA}},
  series    = {LNCS},
  volume    = {9938},
  pages     = {50--67},
  year      = {2016}
}

@article{DBLP:journals/algorithmica/SeidelA96,
  author    = {Raimund Seidel and
               Cecilia R. Aragon},
  title     = {Randomized Search Trees},
  journal   = {Algorithmica},
  volume    = {16},
  number    = {4/5},
  pages     = {464--497},
  year      = {1996}
}

@inproceedings{DBLP:conf/sofsem/GambinM98,
  author    = {Anna Gambin and
               Adam Malinowski},
  title     = {Randomized Meldable Priority Queues},
  booktitle = {{SOFSEM}},
  series    = {LNCS},
  volume    = {1521},
  pages     = {344--349},
  publisher = {Springer},
  year      = {1998}
}

@article{DBLP:journals/jacm/MartinezR98,
  author    = {Conrado Mart{\'{\i}}nez and
               Salvador Roura},
  title     = {Randomized Binary Search Trees},
  journal   = {J. {ACM}},
  volume    = {45},
  number    = {2},
  pages     = {288--323},
  year      = {1998}
}

@article{DBLP:journals/cacm/Pugh90,
  author    = {William Pugh},
  title     = {Skip Lists: {A} Probabilistic Alternative to Balanced Trees},
  journal   = {Commun. {ACM}},
  volume    = {33},
  number    = {6},
  pages     = {668--676},
  year      = {1990}
}

@inproceedings{DBLP:conf/sfm/AbrahamBDJKW14,
  author    = {Erika {\'{A}}brah{\'{a}}m and
               Bernd Becker and
               Christian Dehnert and
               Nils Jansen and
               \Katoen and
               Ralf Wimmer},
  title     = {Counterexample Generation for Discrete-Time {M}arkov Models: An Introductory
               Survey},
  booktitle = {{SFM}},
  series    = {LNCS},
  volume    = {8483},
  pages     = {65--121},
  publisher = {Springer},
  year      = {2014}
}

@article{DBLP:journals/ac/BiereCCSZ03,
  author    = {Armin Biere and
               Alessandro Cimatti and
               Edmund M. Clarke and
               Ofer Strichman and
               Yunshan Zhu},
  title     = {Bounded model checking},
  journal   = {Advances in Computers},
  volume    = {58},
  pages     = {117--148},
  year      = {2003}
}

@article{DBLP:journals/fac/JungesGKRS17,
  author    = {Sebastian Junges and
               Dennis Guck and
               \Katoen and
               Arend Rensink and
               Mari{\"{e}}lle Stoelinga},
  title     = {Fault trees on a diet: automated reduction by graph rewriting},
  journal   = {Formal Asp. Comput.},
  volume    = {29},
  number    = {4},
  pages     = {651--703},
  year      = {2017}
}

@inproceedings{DBLP:conf/apn/EisentrautHK013,
  author    = {Christian Eisentraut and
               Holger Hermanns and
               \Katoen and
               Lijun Zhang},
  title     = {A Semantics for Every {GSPN}},
  booktitle = {Petri Nets},
  series    = {LNCS},
  volume    = {7927},
  pages     = {90--109},
  publisher = {Springer},
  year      = {2013}
}
maintained by Schloss Dagstuhl LZI at University of Trier	homebrowsesearchabout


@article{DBLP:journals/cj/BozzanoCKNNR11,
  author    = {Marco Bozzano and
               Alessandro Cimatti and
               \Katoen and
               Viet Yen Nguyen and
               Thomas Noll and
               Marco Roveri},
  title     = {Safety, Dependability and Performance Analysis of Extended {AADL}
               Models},
  journal   = {Comput. J.},
  volume    = {54},
  number    = {5},
  pages     = {754--775},
  year      = {2011}
}

@article{DBLP:journals/ress/BozzanoCKKMNNPR14,
  author    = {Marco Bozzano and
               Alessandro Cimatti and
               \Katoen and
               Panagiotis Katsaros and
               Konstantinos Mokos and
               Viet Yen Nguyen and
               Thomas Noll and
               Bart Postma and
               Marco Roveri},
  title     = {Spacecraft early design validation using formal methods},
  journal   = {Rel. Eng. {\&} Sys. Safety},
  volume    = {132},
  pages     = {20--35},
  year      = {2014}
}

@inproceedings{DBLP:conf/fmcad/0001NN15,
  author    = {Tim Lange and
               Martin R. Neuh{\"{a}}u{\ss}er and
               Thomas Noll},
  title     = {{IC3} Software Model Checking on Control Flow Automata},
  booktitle = {{FMCAD}},
  pages     = {97--104},
  publisher = {{IEEE}},
  year      = {2015}
}

@misc{DBLP:conf/date/LPNNK17,
  author    = {Tim Lange and Frederik Prinz and 
               Martin R. Neuh{\"{a}}u{\ss}er and
               Thomas Noll and \Katoen},
  title     = {Improving Generalization in Software {IC3}},
  year      = {2017},
  note = {(submitted for publication)}
}

@inproceedings{DBLP:conf/cav/CimattiG12,
  author    = {Alessandro Cimatti and
               Alberto Griggio},
  title     = {Software Model Checking via {IC3}},
  booktitle = {{CAV}},
  series    = {LNCS},
  volume    = {7358},
  pages     = {277--293},
  publisher = {Springer},
  year      = {2012}
}

@inproceedings{DBLP:conf/vmcai/Bradley11,
  author    = {Aaron R. Bradley},
  title     = {{SAT}-Based Model Checking without Unrolling},
  booktitle = {{VMCAI}},
  series    = {LNCS},
  volume    = {6538},
  pages     = {70--87},
  publisher = {Springer},
  year      = {2011}
}

@inproceedings{DBLP:conf/tacas/BuddeDHHJT17,
  author    = {Carlos E. Budde and
               Christian Dehnert and
               Ernst Moritz Hahn and
               Arnd Hartmanns and
               Sebastian Junges and
               Andrea Turrini},
  title     = {{JANI:} Quantitative Model and Tool Interaction},
  booktitle = {{TACAS} {(2)}},
  series    = {LNCS},
  volume    = {10206},
  pages     = {151--168},
  year      = {2017}
}

@inproceedings{DBLP:journals/corr/DehnertJK017,
  author    = {Christian Dehnert and
               Sebastian Junges and
               \Katoen and
               Matthias Volk},
  title     = {A storm is Coming: {A} Modern Probabilistic Model Checker},
  booktitle = {CAV (2)},
  series    = {LNCS},
  publisher = {Springer},
  volume = {10427},
  pages = {592--600},
  year      = {2017}
}

@inproceedings{DBLP:conf/aplas/MathejaJN15,
  author    = {Christoph Matheja and
               Christina Jansen and
               Thomas Noll},
  title     = {Tree-Like Grammars and Separation Logic},
  booktitle = {{APLAS}},
  series    = {LNCS},
  volume    = {9458},
  pages     = {90--108},
  publisher = {Springer},
  year      = {2015}
}

@article{DBLP:journals/scp/HeinenJKN15,
  author    = {Jonathan Heinen and
               Christina Jansen and
               \Katoen and
               Thomas Noll},
  title     = {Verifying pointer programs using graph grammars},
  journal   = {Sci. Comput. Program.},
  volume    = {97},
  pages     = {157--162},
  year      = {2015}
}

@inproceedings{DBLP:conf/cav/DehnertJJCVBKA15,
  author    = {Christian Dehnert and
               Sebastian Junges and
               Nils Jansen and
               Florian Corzilius and
               Matthias Volk and
               Harold Bruintjes and
               \Katoen and
               Erika {\'{A}}brah{\'{a}}m},
  title     = {PROPhESY: {A} PRObabilistic ParamEter SYnthesis Tool},
  booktitle = {{CAV} {(1)}},
  series    = {LNCS},
  volume    = {9206},
  pages     = {214--231},
  publisher = {Springer},
  year      = {2015}
}

@article{DBLP:journals/fmsd/HeinenJKN15,
  author    = {Jonathan Heinen and
               Christina Jansen and
               \Katoen and
               Thomas Noll},
  title     = {Juggrnaut: using graph grammars for abstracting unbounded heap structures},
  journal   = {Formal Methods in System Design},
  volume    = {47},
  number    = {2},
  pages     = {159--203},
  year      = {2015}
}

@inproceedings{DBLP:conf/csl/BrazdilKKNK14,
  author    = {Tom{\'{a}}s Br{\'{a}}zdil and
               Stefan Kiefer and
               Anton{\'{\i}}n Kucera and
               Petr Novotn{\'{y}} and
               \Katoen},
  title     = {Zero-reachability in probabilistic multi-counter automata},
  booktitle = {{CSL-LICS}},
  pages     = {22:1--22:10},
  publisher = {{ACM}},
  year      = {2014}
}

@InProceedings{DBLP:conf/qest/GretzKM13,
  Title                    = {{PRINSYS} - On a Quest for Probabilistic Loop Invariants},
  Author                   = {Friedrich Gretz and
 \Katoen and
 Annabelle McIver},
  Booktitle                = {{QEST}},
  Year                     = {2013},
  Pages                    = {193-208},
  Publisher                = {Springer},
  Series                   = {LNCS},
  Volume                   = {8054}
}

@inproceedings{DBLP:conf/nips/MinkaW08,
  author    = {Tom Minka and
               John M. Winn},
  title     = {Gates},
  booktitle = {{NIPS}},
  pages     = {1073--1080},
  publisher = {Curran Associates, Inc.},
  year      = {2008}
}

@article{DBLP:journals/jsa/LeeCYK01,
  author    = {Wan Kwon Lee and
               In Sang Chung and
               Gwang Sik Yoon and
               Yong Rae Kwon},
  title     = {Specification-based program slicing and its applications},
  journal   = {Journal of Systems Architecture},
  volume    = {47},
  number    = {5},
  pages     = {427--443},
  year      = {2001}
}

@inproceedings{DBLP:conf/coordination/Wiklicky16,
  author    = {Herbert Wiklicky},
  title     = {On Dynamical Probabilities, or: How to Learn to Shoot Straight},
  booktitle = {{COORDINATION}},
  series    = {LNCS},
  volume    = {9686},
  pages     = {262--277},
  publisher = {Springer},
  year      = {2016}
}

@book{DBLP:series/txcs/AptBO09,
  author    = {Krzysztof R. Apt and
               Frank S. de Boer and
               Ernst-R{\"{u}}diger Olderog},
  title     = {Verification of Sequential and Concurrent Programs},
  series    = {Texts in Computer Science},
  publisher = {Springer},
  year      = {2009}
}

@inproceedings{DBLP:conf/fm/ComuzziH96,
  author    = {Joseph J. Comuzzi and
               Johnson M. Hart},
  title     = {Program Slicing Using Weakest Preconditions},
  booktitle = {{FME}},
  series    = {LNCS},
  volume    = {1051},
  pages     = {557--575},
  publisher = {Springer},
  year      = {1996}
}

@inproceedings{DBLP:conf/lopstr/BerghammerM03,
  author    = {Rudolf Berghammer and
               Markus M{\"{u}}ller{-}Olm},
  title     = {Formal Development and Verification of Approximation Algorithms Using
               Auxiliary Variables},
  booktitle = {{LOPSTR}},
  series    = {LNCS},
  volume    = {3018},
  pages     = {59--74},
  publisher = {Springer},
  year      = {2003}
}

@inproceedings{DBLP:conf/popl/Goodman13,
  author    = {Noah D. Goodman},
  title     = {The principles and practice of probabilistic programming},
  booktitle = {{POPL}},
  pages     = {399--402},
  publisher = {{ACM}},
  year      = {2013}
}

@book{DBLP:books/daglib/0098888,
  author    = {Flemming Nielson and
               Hanne Riis Nielson and
               Chris Hankin},
  title     = {Principles of {P}rogram {A}nalysis},
  publisher = {Springer},
  year      = {2005}
}

@Book{DBLP:books/daglib/0020348,
  Title                    = {Principles of {M}odel {C}hecking},
  Author                   = {Christel Baier and \Katoen},
  Publisher                = {MIT Press},
  Year                     = {2008}
}

@inproceedings{DBLP:conf/lics/Katoen16,
  author    = {\Katoen},
  title     = {The Probabilistic Model Checking Landscape},
  booktitle = {{LICS}},
  pages     = {31--45},
  publisher = {{ACM}},
  year      = {2016}
}

@inproceedings{DBLP:conf/popl/Muller-OlmS04,
  author    = {Markus M{\"{u}}ller{-}Olm and
               Helmut Seidl},
  title     = {Precise interprocedural analysis through linear algebra},
  booktitle = {{POPL}},
  pages     = {330--341},
  publisher = {{ACM}},
  year      = {2004}
}

@inproceedings{DBLP:conf/lics/AckermanFR11,
  author    = {Nathanael Leedom Ackerman and
               Cameron E. Freer and
               Daniel M. Roy},
  title     = {Noncomputable Conditional Distributions},
  booktitle = {{LICS}},
  pages     = {107--116},
  publisher = {{IEEE} Computer Society},
  year      = {2011}
}

@inproceedings{DBLP:conf/lics/KaminskiKat17,
  author    = {Benjamin Lucien Kaminski and \Katoen},
  title     = {A Weakest Pre-Expectation Semantics for Mixed-Sign Expectations},
  booktitle = {{LICS}},
  pages     = {1--12},
  publisher = {{IEEE Computer Society}},
  note = {(to appear)}, 
  year      = {2017}
}


@inproceedings{DBLP:conf/iclp/BortolussiW05,
  author    = {Luca Bortolussi and
               Herbert Wiklicky},
  title     = {A Distributed and Probabilistic Concurrent Constraint Programming
               Language},
  booktitle = {{ICLP}},
  series    = {LNCS},
  volume    = {3668},
  pages     = {143--158},
  publisher = {Springer},
  year      = {2005}
}

@article{DBLP:journals/cacm/CarbinMR16,
  author    = {Michael Carbin and
               Sasa Misailovic and
               Martin C. Rinard},
  title     = {Verifying quantitative reliability for programs that execute on unreliable
               hardware},
  journal   = {Commun. {ACM}},
  volume    = {59},
  number    = {8},
  pages     = {83--91},
  year      = {2016}
}

@article{stan,
  author    = {Bob Carpenter and Andrew Gelman and Matthew D. Hoffman and Daniel Lee and Ben Goodrich and Michael Betancourt and Marcus Brubaker and Jiqiang Guo and Peter Li and Allen Riddell},
  title     = {Stan: A Probabilistic Programming Language},
  journal   = {J.\ of Statistical Software},
  volume    = {76},
  number = {1},
  year      = {2017}
}

@article{DBLP:journals/tse/YingF11,
  author    = {Mingsheng Ying and
               Yuan Feng},
  title     = {A Flowchart Language for Quantum Programming},
  journal   = {{IEEE} Trans. Software Eng.},
  volume    = {37},
  number    = {4},
  pages     = {466--485},
  year      = {2011}
}

@inproceedings{DBLP:conf/aaai/NoriHRS14,
  author    = {Aditya V. Nori and
               Chung{-}Kil Hur and
               Sriram K. Rajamani and
               Selva Samuel},
  title     = {{R2:} An Efficient {MCMC} Sampler for Probabilistic Programs},
  booktitle = {{AAAI}},
  pages     = {2476--2482},
  publisher = {{AAAI} Press},
  year      = {2014}
}

@book{Goodman:2014,
  author = {Noah D. Goodman and Andreas Stuhlm\"uller},
  title = {The Design and Implementation of Probabilistic Programming Languages},
  year = {2014},
  publisher = {(electronic)},
  note = {\url{http://dippl.org}.}
}

@book{Shoup:2009,
  author = {Victor Shoup},
  title = {A Computational Introduction to Number Theory and Algebra},
  year = {2009},
  publisher = {Cambridge Univ.\ Press}
}

@book{Pfeffer:2016,
  author = {Avi Pfeffer},
  title = {Practical Probabilistic Programming},
  year = {2015},
  publisher = {Manning}
}

@inproceedings{DBLP:conf/esop/KaminskiKMO16,
  author    = {Benjamin Lucien Kaminski and
               \Katoen and
               Christoph Matheja and
               Federico Olmedo},
  title     = {Weakest Precondition Reasoning for Expected Run-Times of Probabilistic
               Programs},
  booktitle = {{ESOP}},
  series    = {LNCS},
  volume    = {9632},
  pages     = {364--389},
  publisher = {Springer},
  year      = {2016}
}

@inproceedings{DBLP:conf/atva/0001DKKW16,
  author    = {Nils Jansen and
               Christian Dehnert and
               Benjamin Lucien Kaminski and
               \Katoen and
               Lukas Westhofen},
  title     = {Bounded Model Checking for Probabilistic Programs},
  booktitle = {{ATVA}},
  series    = {LNCS},
  volume    = {9938},
  pages     = {68--85},
  year      = {2016}
}

@article{DBLP:journals/siamcomp/GafniM01,
  author    = {Eli Gafni and
               Michael Mitzenmacher},
  title     = {Analysis of Timing-Based Mutual Exclusion with Random Times},
  journal   = {{SIAM} J. Comput.},
  volume    = {31},
  number    = {3},
  pages     = {816--837},
  year      = {2001}
}

@inproceedings{DBLP:journals/entcs/0001KKOGM15,
  author    = {Nils Jansen and
               Benjamin Lucien Kaminski and
               \Katoen and
               Federico Olmedo and
               Friedrich Gretz and
               Annabelle McIver},
  title     = {Conditioning in Probabilistic Programming},
  booktitle = {MFPS},
  volume    = {ENTCS 319},
  pages     = {199--216},
  year      = {2015}
}

@inproceedings{DBLP:journals/corr/KaminskiK17,
  author    = {Benjamin Lucien Kaminski and
               \Katoen},
  title     = {A Weakest Pre-Expectation Semantics for Mixed-Sign Expectations},
  booktitle = {{LICS}},
  publisher = {{ACM}},
  year      = {2017},
  note = {(to be published)}
}

@inproceedings{DBLP:conf/lics/OlmedoKKM16,
  author    = {Federico Olmedo and
               Benjamin Lucien Kaminski and
               \Katoen and
               Christoph Matheja},
  title     = {Reasoning about Recursive Probabilistic Programs},
  booktitle = {{LICS}},
  pages     = {672--681},
  publisher = {{ACM}},
  year      = {2016}
}

@article{DBLP:journals/siamcomp/SharirPH84,
  author    = {Micha Sharir and
               Amir Pnueli and
               Sergiu Hart},
  title     = {Verification of Probabilistic Programs},
  journal   = {{SIAM} J. Comput.},
  volume    = {13},
  number    = {2},
  pages     = {292--314},
  year      = {1984}
}

@article{DBLP:journals/jcss/Kozen85,
author    = {Dexter Kozen},
title     = {A Probabilistic {PDL}},
journal   = {J. Comput. Syst. Sci.},
volume    = {30},
number    = {2},
pages     = {162--178},
year      = {1985}
}

@article{DBLP:journals/nature/Ghahramani15,
  author    = {Zoubin Ghahramani},
  title     = {Probabilistic machine learning and artificial intelligence},
  journal   = {Nature},
  volume    = {521},
  number    = {7553},
  pages     = {452--459},
  year      = {2015}
}

@inproceedings{DBLP:conf/tacas/BacciBLM13,
  author    = {Giorgio Bacci and
               Giovanni Bacci and
               Kim G. Larsen and
               Radu Mardare},
  title     = {On-the-Fly Exact Computation of Bisimilarity Distances},
  booktitle = {{TACAS}},
  series    = {LNCS},
  volume    = {7795},
  pages     = {1--15},
  publisher = {Springer},
  year      = {2013}
}

@inproceedings{DBLP:conf/mfcs/BacciBLM13,
  author    = {Giorgio Bacci and
               Giovanni Bacci and
               Kim G. Larsen and
               Radu Mardare},
  title     = {Computing Behavioral Distances, Compositionally},
  booktitle = {{MFCS}},
  series    = {LNCS},
  volume    = {8087},
  pages     = {74--85},
  publisher = {Springer},
  year      = {2013}
}

@article{DBLP:journals/fmsd/BrazdilEKK13,
  author    = {Tom{\'{a}}s Br{\'{a}}zdil and
               Javier Esparza and
               Stefan Kiefer and
               Anton{\'{\i}}n Kucera},
  title     = {Analyzing probabilistic pushdown automata},
  journal   = {Formal Methods in System Design},
  volume    = {43},
  number    = {2},
  pages     = {124--163},
  year      = {2013}
}

@article{DBLP:journals/iandc/TkachevMKA17,
  author    = {Ilya Tkachev and
               Alexandru Mereacre and
               \Katoen and
               Alessandro Abate},
  title     = {Quantitative model-checking of controlled discrete-time {M}arkov processes},
  journal   = {Inf. Comput.},
  volume    = {253},
  pages     = {1--35},
  year      = {2017}
}

@inproceedings{DBLP:conf/qest/KaminskiKM16,
  author    = {Benjamin Lucien Kaminski and
               \Katoen and
               Christoph Matheja},
  title     = {Inferring Covariances for Probabilistic Programs},
  booktitle = {{QEST}},
  series    = {LNCS},
  volume    = {9826},
  pages     = {191--206},
  publisher = {Springer},
  year      = {2016}
}

@inproceedings{DBLP:conf/hybrid/DInnocenzoAK12,
  author    = {Alessandro D'Innocenzo and
               Alessandro Abate and
               \Katoen},
  title     = {Robust {PCTL} model checking},
  booktitle = {{HSCC}},
  pages     = {275--286},
  publisher = {{ACM}},
  year      = {2012}
}

@article{DBLP:journals/cacm/ChaudhuriGL12,
  author    = {Swarat Chaudhuri and
               Sumit Gulwani and
               Roberto Lublinerman},
  title     = {Continuity and robustness of programs},
  journal   = {Commun. {ACM}},
  volume    = {55},
  number    = {8},
  pages     = {107--115},
  year      = {2012}
}

@book{DBLP:books/daglib/0096285,
  author    = {Ralph{-}Johan Back and
               Joakim von Wright},
  title     = {Refinement Calculus - {A} Systematic Introduction},
  series    = {Graduate Texts in Computer Science},
  publisher = {Springer},
  year      = {1998}
}

@article{DBLP:journals/lmcs/KuceraEM06,
  author    = {Anton{\'{\i}}n Kucera and
               Javier Esparza and
               Richard Mayr},
  title     = {Model Checking Probabilistic Pushdown Automata},
  journal   = {Logical Methods in Computer Science},
  volume    = {2},
  number    = {1},
  year      = {2006}
}

@book{mciver,
 author = {McIver, Annabelle and Morgan, Carroll},
 title = {{A}bstraction, {R}efinement and {P}roof for {P}robabilistic {S}ystems},
 year = {2004},
 isbn = {0387401156},
 publisher = {Springer},
} 

@book{bishop,
 author = {Christopher Bishop},
 title = {Pattern Recognition and Machine Learning},
 year = {2006},
 publisher = {Springer}
}

@article{DBLP:journals/toplas/BartheKOB13,
 author    = {Gilles Barthe and
               Boris K{\"{o}}pf and
               Federico Olmedo and
               Santiago Zanella B{\'{e}}guelin},
  title     = {Probabilistic {R}elational {R}easoning for {D}ifferential {P}rivacy},
  journal   = {{ACM} Trans. Program. Lang. Syst.},
  year      = {2013},
  volume    = {35},
  number    = {3},
  pages     = {9:1--9:49},
 bibsource = {DBLP, http://dblp.uni-trier.de}
}

@article{SKKS14,
 author    = {Lawrence D. Stone and Colleen M. Keller and Thomas M. Kratzke and Johan P. Strumpfer},
 title     = {Search for the Wreckage of {A}ir {F}rance Flight {AF 447}},
 journal   = {Statistical Science},
 volume    = {29},
 number    = {1},
 year      = {2014},
 pages     = {69--80}
}

@article{DBLP:journals/jcss/Kozen81,
 author    = {Dexter Kozen},
 title     = {{S}emantics of {P}robabilistic {P}rograms},
 journal   = {J. Comput. Syst. Sci.},
 volume    = {22},
 number    = {3},
 year      = {1981},
 pages     = {328-350},
 bibsource = {DBLP, http://dblp.uni-trier.de}
}

@inproceedings{luis,
  author    = {Luis Mar{\'{\i}}a Ferrer Fioriti and
               Holger Hermanns},
  title     = {Probabilistic Termination: Soundness, Completeness, and Compositionality},
  booktitle = {POPL},
  pages     = {489--501},
  year      = {2015},
  publisher = {ACM}
}




@article{Hickey:1988,
 author = {Hickey, Timothy and Cohen, Jacques},
 title = {Automating Program Analysis},
 journal = {J. ACM},
 issue_date = {Jan. 1988},
 volume = {35},
 number = {1},
 year = {1988},
 pages = {185--220},
 publisher = {ACM}
} 

@inproceedings{McIver:FM:2005,
year={2005},
booktitle={Formal Methods (FM)},
volume={3582},
series={LNCS},
title={Compositional Specification and Analysis of Cost-Based Properties in Probabilistic Programs},
publisher={Springer},
author={Celiku, Orieta and McIver, Annabelle},
pages={107-122}
}

@article{Nielson:SCP:87,
  author    = {Hanne Riis Nielson},
  title     = {A {H}oare-Like Proof System for Analysing the Computation Time of Programs},
  journal   = {Sci. Comput. Program.},
  volume    = {9},
  number    = {2},
  pages     = {107--136},
  year      = {1987}
}


@book{Nielson:UTCS:07,
  author    = {Hanne Riis Nielson and Flemming Nielson},
  title     = {Semantics with Applications: An Appetizer},
  series    = {Undergraduate Topics in Computer Science},
  publisher = {Springer},
  year      = {2007},
  isbn      = {978-1-84628-691-9},
  bibsource = {dblp computer science bibliography, http://dblp.org}
}


@book{schechter:1996,
  title={Handbook of Analysis and Its Foundations},
  author={Schechter, E.},
  isbn={9780080532998},
  year={1996},
  publisher={Elsevier Science}
}


@article{Hehner:FAC:2011,
title={A probability perspective},
author={Hehner, Eric C. R.},
journal={Formal Aspects of Computing},
publisher={Springer},
year={2011},
volume={23},
number={4},
pages={391-419}
}


@article{Hehner:FAC:1998,
title={Formalization of Time and Space},
author={Hehner, Eric C. R.},
journal={Formal Aspects of Computing},
volume={10},
number={3},
year={1998},
publisher={Springer},
pages={290-306}
}


@book{Dijkstra,
  author = {Edgser W. Dijkstra},
  title = {{A Discipline of Programming}},
  publisher = {{Prentice Hall}},
  year = 1976
}


@book{Winskel:1993,
 author = {Winskel, Glynn},
 title = {The Formal Semantics of Programming Languages: An Introduction},
 year = {1993},
 publisher = {MIT Press}
} 


@inproceedings{Chakarov:CAV:13,
title={Probabilistic Program Analysis with Martingales},
author={Chakarov, Aleksandar and Sankaranarayanan, Sriram},
booktitle={Computer Aided Verification (CAV)},
volume={8044},
series={LNCS},
publisher={Springer},
pages={511-526},
year={2013}
}


@book{Wechler:MTCS:92,
  author    = {Wolfgang Wechler},
  title     = {Universal Algebra for Computer Scientists},
  series    = {{EATCS} Monographs on Theoretical Computer Science},
  volume    = {25},
  publisher = {Springer},
  year      = {1992}
}

@inproceedings{DBLP:conf/lopstr/BerghammerM03,
  author    = {Rudolf Berghammer and
               Markus M{\"{u}}ller{-}Olm},
  title     = {Formal Development and Verification of Approximation Algorithms Using
               Auxiliary Variables},
  booktitle = {Logic Based Program Synthesis and Transformation (LOPSTR)},
  pages     = {59--74},
  year      = {2004},
  series    = {LNCS},
  volume    = {3018},
  publisher = {Springer}
}

@article{DBLP:journals/tocl/ArthanMMO09,
  author    = {Rob Arthan and
               Ursula Martin and
               Erik A. Mathiesen and
               Paulo Oliva},
  title     = {A general framework for sound and complete {F}loyd-{H}oare logics},
  journal   = {{ACM} Trans. Comput. Log.},
  volume    = {11},
  number    = {1},
  year      = {2009}
}

@inproceedings{DBLP:conf/sas/Monniaux01,
  author    = {David Monniaux},
  title     = {An Abstract Analysis of the Probabilistic Termination of Programs},
  booktitle = {Symposium on Static Analysis (SAS)},
  pages     = {111--126},
  year      = {2001},
  series    = {LNCS},
  volume    = {2126},
  publisher = {Springer}
}

@misc{Frandsen:1998,
  author        = {Gudmund S. Frandsen},
  title         = {Randomised Algorithms},
  year          = {1998},
  note = {{L}ecture Notes, University of Aarhus, Denmark}
}

@article{DBLP:journals/jcss/BrazdilKKV15,
  author    = {Tom{\'{a}}s Br{\'{a}}zdil and
               Stefan Kiefer and
               Anton{\'{\i}}n Kucera and
               Ivana Hutarov{\'{a}} Varekov{\'{a}}},
  title     = {Runtime analysis of probabilistic programs with unbounded recursion},
  journal   = {J. Comput. Syst. Sci.},
  volume    = {81},
  number    = {1},
  pages     = {288--310},
  year      = {2015}
}

@article{DBLP:journals/cacm/Hoare69,
  author    = {Charles A. R. Hoare},
  title     = {An Axiomatic Basis for Computer Programming},
  journal   = {Commun. {ACM}},
  volume    = {12},
  number    = {10},
  pages     = {576--580},
  year      = {1969},
}

@inproceedings{DBLP:conf/ijcai/ChakrabortyMV16,
  author    = {Supratik Chakraborty and
               Kuldeep S. Meel and
               Moshe Y. Vardi},
  title     = {Algorithmic Improvements in Approximate Counting for Probabilistic
               Inference: From Linear to Logarithmic {SAT} Calls},
  booktitle = {{IJCAI}},
  pages     = {3569--3576},
  publisher = {{IJCAI/AAAI} Press},
  year      = {2016}
}

@inproceedings{DBLP:conf/esop/GordonRSBRGT15,
  author    = {Andrew D. Gordon and
               Claudio V. Russo and
               Marcin Szymczak and
               Johannes Borgstr{\"{o}}m and
               Nicolas Rolland and
               Thore Graepel and
               Daniel Tarlow},
  title     = {Probabilistic Programs as Spreadsheet Queries},
  booktitle = {{ESOP}},
  series    = {LNCS},
  volume    = {9032},
  pages     = {1--25},
  publisher = {Springer},
  year      = {2015}
}

@inproceedings{DBLP:conf/pldi/HurNRS14,
  author    = {Chung{-}Kil Hur and
               Aditya V. Nori and
               Sriram K. Rajamani and
               Selva Samuel},
  title     = {Slicing probabilistic programs},
  booktitle = {{PLDI}},
  pages     = {133--144},
  publisher = {{ACM}},
  year      = {2014}
}

@book{DBLP:books/daglib/0023091,
  author    = {Daphne Koller and
               Nir Friedman},
  title     = {Probabilistic Graphical Models - Principles and Techniques},
  publisher = {{MIT} Press},
  year      = {2009}
}

@inproceedings{DBLP:conf/fsttcs/HurNRS15,
  author    = {Chung{-}Kil Hur and
               Aditya V. Nori and
               Sriram K. Rajamani and
               Selva Samuel},
  title     = {A Provably Correct Sampler for Probabilistic Programs},
  booktitle = {{FSTTCS}},
  series    = {LIPIcs},
  volume    = {45},
  pages     = {475--488},
  publisher = {Schloss Dagstuhl - Leibniz-Zentrum fuer Informatik},
  year      = {2015}
}

@inproceedings{DBLP:conf/icse/GordonHNR14,
  author    = {Andrew D. Gordon and
               Thomas A. Henzinger and
               Aditya V. Nori and
               Sriram K. Rajamani},
  title     = {Probabilistic programming},
  booktitle = {Future of Software Engineering},
  pages     = {167--181},
  year      = {2014},
  publisher = {{ACM}}
}

@inproceedings{DBLP:conf/popl/ChatterjeeNZ17,
  author    = {Krishnendu Chatterjee and
               Petr Novotn{\'{y}} and
               Dorde Zikelic},
  title     = {Stochastic invariants for probabilistic termination},
  booktitle = {{POPL}},
  pages     = {145--160},
  publisher = {{ACM}},
  year      = {2017}
}

@book{DBLP:books/cu/MotwaniR95,
  author    = {Rajeev Motwani and
               Prabhakar Raghavan},
  title     = {Randomized Algorithms},
  publisher = {Cambridge University Press},
  year      = {1995}
}

@inproceedings{DBLP:conf/stoc/AlurM04,
  author    = {Rajeev Alur and
               P. Madhusudan},
  title     = {Visibly pushdown languages},
  booktitle = {{STOC}},
  pages     = {202--211},
  publisher = {{ACM}},
  year      = {2004}
}

@inproceedings{DBLP:conf/fossacs/AmtoftB16,
  author    = {Torben Amtoft and
               Anindya Banerjee},
  title     = {A Theory of Slicing for Probabilistic Control Flow Graphs},
  booktitle = {FoSSaCS},
  series    = {LNCS},
  volume    = {9634},
  pages     = {180--196},
  publisher = {Springer},
  year      = {2016}
}

@inproceedings{DBLP:conf/concur/MurawskiO05,
  author    = {Andrzej S. Murawski and
               Jo{\"{e}}l Ouaknine},
  title     = {On Probabilistic Program Equivalence and Refinement},
  booktitle = {{CONCUR}},
  series    = {LNCS},
  volume    = {3653},
  pages     = {156--170},
  publisher = {Springer},
  year      = {2005}
}

@inproceedings{DBLP:conf/tacas/Baier0KW17,
  author    = {Christel Baier and
               Joachim Klein and
               Sascha Kl{\"{u}}ppelholz and
               Sascha Wunderlich},
  title     = {Maximizing the Conditional Expected Reward for Reaching the Goal},
  booktitle = {{TACAS} {(2)}},
  series    = {LNCS},
  volume    = {10206},
  pages     = {269--285},
  year      = {2017}
}

@inproceedings{DBLP:conf/mfcs/KaminskiK15,
  author    = {Benjamin Lucien Kaminski and
               \Katoen},
  title     = {On the Hardness of Almost-Sure Termination},
  booktitle = {MFCS},
  pages     = {307--318},
  year      = {2015},
  series    = {LNCS},
  volume    = {9234},
  publisher = {Springer}
}


@book{Mitzenmacher:2005,
 author = {Mitzenmacher, Michael and Upfal, Eli},
 title = {Probability and Computing: Randomized Algorithms and Probabilistic Analysis},
 year = {2005},
 isbn = {0521835402},
 publisher = {Cambridge University Press}
} 

@incollection{Hurd:TPHOL:02,
year={2002},
booktitle={Theorem Proving in Higher Order Logics (TPHOL)},
volume={2410},
series={LNCS},
title={A Formal Approach to Probabilistic Termination},
publisher={Springer},
author={Hurd, Joe},
pages={230-245}
}

@article{DBLP:journals/iandc/HromkovicS10,
  author    = {Juraj Hromkovic and
               Georg Schnitger},
  title     = {On probabilistic pushdown automata},
  journal   = {Inf. Comput.},
  volume    = {208},
  number    = {8},
  pages     = {982--995},
  year      = {2010}
}

@article{Blackwell1955,
  author    = {David Blackwell},
  title     = {On Transient {M}arkov Processes with a Countable Number of States and Stationary Transition Probabilities},
  journal   = {Ann. Math. Statist.},
  volume    = {26},
  number    = {4},
  pages     = {654--658},
  year      = {1955}
}

@book{McConnell:2008,
 author = {McConnell, Jeffrey J.},
 title = {Analysis of Algorithms -- An Active Learning Approach},
 year = {2008},
 publisher = {Jones and Bartlett Publishers, Inc.}
}


@book{Ponnusamy:2011,
  title={Foundations of mathematical analysis},
  author={Ponnusamy, Saminathan},
  year={2011},
  publisher={Springer Science \& Business Media}
}


@article{Hesselink:FAC:93,
year={1993},
journal={Formal Aspects of Computing},
volume={5},
number={6},
title={Proof rules for recursive procedures},
publisher={Springer-Verlag},
author={Hesselink, Wim H.},
pages={554-570}
}

@inproceedings{DBLP:conf/soda/DaskalakisKMRV09,
  author    = {Constantinos Daskalakis and
               Richard M. Karp and
               Elchanan Mossel and
               Samantha Riesenfeld and
               Elad Verbin},
  title     = {Sorting and selection in posets},
  booktitle = {SODA},
  pages     = {392--401},
  year      = {2009},
  publisher = {{SIAM}}
}

@inproceedings{DBLP:conf/podc/KushilevitzR92,
  author    = {Eyal Kushilevitz and
               Michael O. Rabin},
  title     = {Randomized Mutual Exclusion Algorithms Revisited},
  booktitle = {PODC},
  pages     = {275--283},
  year      = {1992},
  publisher = {{ACM}}
}

@article{DBLP:journals/corr/OlmedoKKM16,
  author    = {Federico Olmedo and
               Benjamin Lucien Kaminski and
               \Katoen and
               Christoph Matheja},
  title     = {Reasoning about Recursive Probabilistic Programs},
  journal   = {CoRR},
  volume    = {abs/1603.02922},
  year      = {2016},
  url       = {http://arxiv.org/abs/1603.02922},
  timestamp = {Sat, 02 Apr 2016 11:49:48 +0200},
  biburl    = {http://dblp.uni-trier.de/rec/bib/journals/corr/OlmedoKKM16},
  bibsource = {dblp computer science bibliography, http://dblp.org}
}

@article{DBLP:journals/dam/Karp91,
  author    = {Richard M. Karp},
  title     = {An introduction to randomized algorithms},
  journal   = {Discrete Applied Mathematics},
  volume    = {34},
  number    = {1-3},
  pages     = {165--201},
  year      = {1991}
}

@article{DBLP:journals/acta/MannaP74,
  author    = {Zohar Manna and Amir Pnueli},
  title     = {Axiomatic Approach to Total Correctness of Programs},
  journal   = {Acta Inf.},
  volume    = {3},
  pages     = {243--263},
  year      = {1974}
}

@inproceedings{DBLP:conf/sas/KatoenMMM10,
  author    = {\Katoen and
               Annabelle McIver and
               Larissa Meinicke and
               Carroll C. Morgan},
  title     = {Linear-Invariant Generation for Probabilistic Programs: Automated
               Support for Proof-Based Methods},
  booktitle = {{SAS}},
  series    = {LNCS},
  volume    = {6337},
  pages     = {390--406},
  publisher = {Springer},
  year      = {2010}
}

@inproceedings{DBLP:conf/popl/YorshYC08,
  author    = {Greta Yorsh and
               Eran Yahav and
               Satish Chandra},
  title     = {Generating precise and concise procedure summaries},
  booktitle = {{POPL}},
  pages     = {221--234},
  publisher = {{ACM}},
  year      = {2008}
}

@inproceedings{DBLP:conf/tapsoft/SagivRH95,
  author    = {Shmuel Sagiv and
               Thomas W. Reps and
               Susan Horwitz},
  title     = {Precise Interprocedural Dataflow Analysis with Applications to Constant
               Propagation},
  booktitle = {{TAPSOFT}},
  series    = {LNCS},
  volume    = {915},
  pages     = {651--665},
  publisher = {Springer},
  year      = {1995}
}

@incollection{DBLP:books/cu/p/FreerRT14,
  author    = {Cameron E. Freer and
               Daniel M. Roy and
               Joshua B. Tenenbaum},
  title     = {Towards common-sense reasoning via conditional simulation: legacies
               of {T}uring in Artificial Intelligence},
  booktitle = {Turing's Legacy: Developments from Turing's Ideas in Logic},
  pages     = {195--252},
  year      = {2014},
  editor    = {Rod Downey},
  series    = {Lecture Notes in Logic},
  volume    = {42},
  publisher = {Cambridge University Press},
}

@incollection{ShPn1981,
  author    = {Micha Sharir and Amir Pnueli},
  title     = {Two approaches to interprocedural data flow analysis.},
  booktitle = {Program Flow Analysis: Theory and Applications},
  pages     = {189--233},
  year      = {1981},
  publisher = {Prentice-Hall},
}

