@article{HeaCar2015,
title = "Claims about the use of software engineering practices in science: A systematic literature review",
journal = "Information and Software Technology",
volume = "67",
pages = "207 - 219",
year = "2015",
issn = "0950-5849",
doi = "https://doi.org/10.1016/j.infsof.2015.07.011",
url = "http://www.sciencedirect.com/science/article/pii/S0950584915001342",
author = "Dustin Heaton and Jeffrey C. Carver",
keywords = "Computational science, Systematic literature review, Scientific software"
}

@article{KanBie2014,
title = "Testing scientific software: A systematic literature review",
journal = "Information and Software Technology",
volume = "56",
number = "10",
pages = "1219 - 1232",
year = "2014",
issn = "0950-5849",
doi = "https://doi.org/10.1016/j.infsof.2014.05.006",
url = "http://www.sciencedirect.com/science/article/pii/S0950584914001232",
author = "Upulee Kanewala and James M. Bieman",
keywords = "Scientific software, Software testing, Systematic literature review, Software quality"
}

@article{AtGeMT2017,
title = "Scientific workflows: Past, present and future",
journal = "Future Generation Computer Systems",
volume = "75",
pages = "216 - 227",
year = "2017",
issn = "0167-739X",
doi = "https://doi.org/10.1016/j.future.2017.05.041",
url = "http://www.sciencedirect.com/science/article/pii/S0167739X17311202",
author = "Malcolm Atkinson and Sandra Gesing and Johan Montagnat and Ian Taylor",
keywords = "Scientific workflows, Scientific methods, Optimisation, Performance, Usability"
}

@InProceedings{LaMaSt2008,
  Title                    = {{S}upporting {P}rocess {D}evelopment in {B}io-j{ETI} by {M}odel {C}hecking and {S}ynthesis},
  Author                   = {Anna-Lena Lamprecht and Tiziana Margaria and Bernhard Steffen},
  Booktitle                = {Semantic Web Applications and Tools for Life Sciences (SWAT4LS 2008). CEUR Workshop Proceedings},
  Year                     = {2008},
  Volume                   = {435}
}

@Book{Lampre2013,
  Title                    = {{U}ser-{L}evel {W}orkflow {D}esign - {A} {B}ioinformatics {P}erspective},
  Author                   = {Anna-Lena Lamprecht},
  Publisher                = {Springer},
  Year                     = {2013},
  Series                   = {Lecture Notes in Computer Science},
  Volume                   = {8311},

  Doi                      = {10.1007/978-3-642-45389-2}
}

@article{PaLaIS2018, 
author = {Palmblad, Magnus and Lamprecht, Anna-Lena and Ison, Jon and Schw√§mmle, Veit},
title = {Automated workflow composition in mass spectrometry-based proteomics},
journal = {Bioinformatics},
volume = {},
number = {},
pages = {bty646},
year = {2018},
doi = {10.1093/bioinformatics/bty646},
URL = {http://dx.doi.org/10.1093/bioinformatics/bty646},
eprint = {/oup/backfile/content_public/journal/bioinformatics/pap/10.1093_bioinformatics_bty646/4/bty646.pdf} 
}

@inproceedings{wouter, 
title = "Programming with Dependent Types",
booktitle = "A Research Agenda for Formal Methods in The Netherlands",
year = "2018",
author = "Wouter Swierstra"
}


@inproceedings{jur, 
title = "The Usability of Static Type Systems",
booktitle = "A Research Agenda for Formal Methods in The Netherlands",
year = "2018",
author = "Jurriaan Hage"
}


